@inproceedings{Ahuja1993NetworkFT,
  title={Network Flows: Theory, Algorithms, and Applications},
  author={Ravindra K. Ahuja and Thomas L. Magnanti and James B. Orlin},
  year={1993},
  url={https://api.semanticscholar.org/CorpusID:12577796}
}

@article{Sokkalingam2000NewPC,
  title={New polynomial-time cycle-canceling algorithms for minimum-cost flows},
  author={P. T. Sokkalingam and Ravindra K. Ahuja and James B. Orlin},
  journal={Networks},
  year={2000},
  volume={36},
  pages={53-63},
  url={https://api.semanticscholar.org/CorpusID:12716811}
}

@article{kovacs2015minimum,
  title={Minimum-cost flow algorithms: an experimental evaluation},
  author={Kov{\'a}cs, P{\'e}ter},
  journal={Optimization Methods and Software},
  volume={30},
  number={1},
  pages={94--127},
  year={2015},
  publisher={Taylor \& Francis}
}